[
  {
    "symbol": "AAPL",
    "calendardate": "2024-12-31",
    "revenue": 400000000000,
    "cor": 250000000000,
    "opinc": 83383000000,
    "eps": 6.01,
    "ebitda": 100239000000,
    "ebit": 90000000000,
    "gp": 135620000000,
    "rnd": 5214000000,
    "sgna": 7073000000,
    "opex": 12287000000,
    "taxexp": 2220000000,
    "netinc": 11202000000,
    "shareswa": 7583000000
  },
  {
    "symbol": "TSLA",
    "calendardate": "2024-12-31",
    "revenue": 90000000000,
    "cor": 60000000000,
    "opinc": 12000000000,
    "eps": 10.25,
    "ebitda": 18000000000,
    "ebit": 15000000000,
    "gp": 25000000000,
    "rnd": 2000000000,
    "sgna": 3000000000,
    "opex": 4000000000,
    "taxexp": 1000000000,
    "netinc": 8000000000,
    "shareswa": 3000000000
  },
  {
    "symbol": "EXMPL",
    "calendardate": "2024-03-31",
    "revenue": 1200,
    "cor": 720,
    "opinc": 404,
    "eps": 3.00,
    "ebitda": 444,
    "ebit": 404,
    "gp": 480,
    "rnd": 30,
    "sgna": 46,
    "opex": 76,
    "taxexp": 80,
    "netinc": 300,
    "shareswa": 100
  },
  {
    "symbol": "EXMPL",
    "calendardate": "2024-06-30",
    "revenue": 1350,
    "cor": 810,
    "opinc": 470,
    "eps": 3.50,
    "ebitda": 517,
    "ebit": 470,
    "gp": 540,
    "rnd": 28,
    "sgna": 42,
    "opex": 70,
    "taxexp": 93,
    "netinc": 350,
    "shareswa": 100
  },
  {
    "symbol": "EXMPL",
    "calendardate": "2024-09-30",
    "revenue": 1400,
    "cor": 840,
    "opinc": 496,
    "eps": 3.70,
    "ebitda": 546,
    "ebit": 496,
    "gp": 560,
    "rnd": 26,
    "sgna": 38,
    "opex": 64,
    "taxexp": 98,
    "netinc": 370,
    "shareswa": 100
  },
  {
    "symbol": "EXMPL",
    "calendardate": "2024-12-31",
    "revenue": 1500,
    "cor": 900,
    "opinc": 536,
    "eps": 4.00,
    "ebitda": 590,
    "ebit": 536,
    "gp": 600,
    "rnd": 26,
    "sgna": 38,
    "opex": 64,
    "taxexp": 106,
    "netinc": 400,
    "shareswa": 100
  },
  {
    "symbol": "EXMPL",
    "calendardate": "2025-03-31",
    "revenue": 1550,
    "cor": 930,
    "opinc": 563,
    "eps": 4.20,
    "ebitda": 619,
    "ebit": 563,
    "gp": 620,
    "rnd": 23,
    "sgna": 34,
    "opex": 57,
    "taxexp": 112,
    "netinc": 420,
    "shareswa": 100
  },
  {
    "symbol": "EXMPL",
    "calendardate": "2016-12-31",
    "revenue": 10000,
    "cor": 4000,
    "opinc": 3000,
    "eps": 5.0,
    "ebitda": 3500,
    "ebit": 3200,
    "gp": 6000,
    "rnd": 150,
    "sgna": 1500,
    "opex": 2850,
    "taxexp": 500,
    "netinc": 2500,
    "shareswa": 500,
    "reporttype": "AR",
    "currency": "USD"
  },
  {
    "symbol": "EXMPL",
    "calendardate": "2017-12-31",
    "revenue": 11000,
    "cor": 4200,
    "opinc": 3200,
    "eps": 5.2,
    "ebitda": 3700,
    "ebit": 3400,
    "gp": 6800,
    "rnd": 160,
    "sgna": 1600,
    "opex": 2960,
    "taxexp": 550,
    "netinc": 2700,
    "shareswa": 510,
    "reporttype": "AR",
    "currency": "USD"
  },
  {
    "symbol": "EXMPL",
    "calendardate": "2018-12-31",
    "revenue": 12000,
    "cor": 4500,
    "opinc": 3500,
    "eps": 5.5,
    "ebitda": 4000,
    "ebit": 3700,
    "gp": 7500,
    "rnd": 180,
    "sgna": 1700,
    "opex": 3080,
    "taxexp": 600,
    "netinc": 3000,
    "shareswa": 520,
    "reporttype": "AR",
    "currency": "USD"
  },
  {
    "symbol": "EXMPL",
    "calendardate": "2019-12-31",
    "revenue": 13000,
    "cor": 4800,
    "opinc": 3800,
    "eps": 5.8,
    "ebitda": 4300,
    "ebit": 4000,
    "gp": 8200,
    "rnd": 200,
    "sgna": 1800,
    "opex": 3200,
    "taxexp": 650,
    "netinc": 3300,
    "shareswa": 530,
    "reporttype": "AR",
    "currency": "USD"
  },
  {
    "symbol": "EXMPL",
    "calendardate": "2020-12-31",
    "revenue": 12500,
    "cor": 4700,
    "opinc": 3600,
    "eps": 5.6,
    "ebitda": 4100,
    "ebit": 3800,
    "gp": 7800,
    "rnd": 190,
    "sgna": 1750,
    "opex": 3090,
    "taxexp": 620,
    "netinc": 3100,
    "shareswa": 525,
    "reporttype": "AR",
    "currency": "USD"
  },
  {
    "symbol": "EXMPL",
    "calendardate": "2021-12-31",
    "revenue": 14000,
    "cor": 5000,
    "opinc": 4000,
    "eps": 6.0,
    "ebitda": 4500,
    "ebit": 4200,
    "gp": 9000,
    "rnd": 210,
    "sgna": 1900,
    "opex": 3310,
    "taxexp": 700,
    "netinc": 3500,
    "shareswa": 540,
    "reporttype": "AR",
    "currency": "USD"
  },
  {
    "symbol": "PII",
    "calendardate": "2015-03-31",
    "revenue": 4719290000.0,
    "cor": -3380248000.0,
    "opinc": -622903000.0,
    "eps": null,
    "ebitda": null,
    "ebit": 685737000.0,
    "gp": 1339042000.0,
    "rnd": -166460000.0,
    "sgna": -525746000.0,
    "opex": -692206000.0,
    "taxexp": -230376000.0,
    "netinc": 455361000.0,
    "shareswa": 66020000.0,
    "reporttype": "AR",
    "currency": "USD"
  },
  {
    "symbol": "PII",
    "calendardate": "2016-03-31",
    "revenue": 4516629000.0,
    "cor": -3411006000.0,
    "opinc": -755345000.0,
    "eps": null,
    "ebitda": null,
    "ebit": 313251000.0,
    "gp": 1105623000.0,
    "rnd": -185126000.0,
    "sgna": -648677000.0,
    "opex": -833803000.0,
    "taxexp": -100303000.0,
    "netinc": 212948000.0,
    "shareswa": 64296000.0,
    "reporttype": "AR",
    "currency": "USD",
    "dps": 114.4
  },
  {
    "symbol": "PII",
    "calendardate": "2017-03-31",
    "revenue": 5428477000.0,
    "cor": -4103826000.0,
    "opinc": -964994000.0,
    "eps": null,
    "ebitda": null,
    "ebit": 318791000.0,
    "gp": 1324651000.0,
    "rnd": -238299000.0,
    "sgna": -803001000.0,
    "opex": -1041300000.0,
    "taxexp": -146299000.0,
    "netinc": 172492000.0,
    "shareswa": 62916000.0,
    "reporttype": "AR",
    "currency": "USD",
    "dps": 120.64
  },
  {
    "symbol": "PII",
    "calendardate": "2018-03-31",
    "revenue": 6078540000.0,
    "cor": -4577340000.0,
    "opinc": -1013788000.0,
    "eps": null,
    "ebitda": null,
    "ebit": 429249000.0,
    "gp": 1501200000.0,
    "rnd": -259682000.0,
    "sgna": -841536000.0,
    "opex": -1101218000.0,
    "taxexp": -93992000.0,
    "netinc": 335257000.0,
    "shareswa": 62513000.0,
    "reporttype": "AR",
    "currency": "USD",
    "dps": 124.8
  },
  {
    "symbol": "PII",
    "calendardate": "2019-03-31",
    "revenue": 6782518000.0,
    "cor": -5133736000.0,
    "opinc": -1165111000.0,
    "eps": null,
    "ebitda": null,
    "ebit": 407800000.0,
    "gp": 1648782000.0,
    "rnd": -292935000.0,
    "sgna": -953037000.0,
    "opex": -1245972000.0,
    "taxexp": -83916000.0,
    "netinc": 323960000.0,
    "shareswa": 61437000.0,
    "reporttype": "AR",
    "currency": "USD",
    "dps": 126.88
  },
  {
    "symbol": "PII",
    "calendardate": "2020-03-31",
    "revenue": 7027900000.0,
    "cor": -5317700000.0,
    "opinc": -1118700000.0,
    "eps": null,
    "ebitda": null,
    "ebit": 141400000.0,
    "gp": 1710200000.0,
    "rnd": -295600000.0,
    "sgna": -903500000.0,
    "opex": -1199100000.0,
    "taxexp": -16500000.0,
    "netinc": 124800000.0,
    "shareswa": 61900000.0,
    "reporttype": "AR",
    "currency": "USD",
    "dps": 128.96
  },
  {
    "symbol": "PII",
    "calendardate": "2021-03-31",
    "revenue": 8198200000.0,
    "cor": -6255500000.0,
    "opinc": -1233700000.0,
    "eps": null,
    "ebitda": null,
    "ebit": 625700000.0,
    "gp": 1942700000.0,
    "rnd": -336700000.0,
    "sgna": -950800000.0,
    "opex": -1287500000.0,
    "taxexp": -131400000.0,
    "netinc": 493900000.0,
    "shareswa": 61300000.0,
    "reporttype": "AR",
    "currency": "USD",
    "dps": 131.04
  },
  {
    "symbol": "PII",
    "calendardate": "2022-03-31",
    "revenue": 8589000000.0,
    "cor": -6629500000.0,
    "opinc": -1155000000.0,
    "eps": null,
    "ebitda": 1075900000.0,
    "ebit": 761400000.0,
    "gp": 1959500000.0,
    "rnd": -366700000.0,
    "sgna": -836700000.0,
    "opex": -1203400000.0,
    "taxexp": -158000000.0,
    "netinc": 447100000.0,
    "shareswa": 59300000.0,
    "reporttype": "AR",
    "currency": "USD",
    "dps": 133.12
  },
  {
    "symbol": "PII",
    "calendardate": "2023-03-31",
    "revenue": 8934400000.0,
    "cor": -6974500000.0,
    "opinc": -1259000000.0,
    "eps": null,
    "ebitda": 1020900000.0,
    "ebit": 620400000.0,
    "gp": 1959900000.0,
    "rnd": -374300000.0,
    "sgna": -965100000.0,
    "opex": -1339400000.0,
    "taxexp": -117700000.0,
    "netinc": 502800000.0,
    "shareswa": 57100000.0,
    "reporttype": "AR",
    "currency": "USD",
    "dps": 135.2
  },
  {
    "symbol": "PII",
    "calendardate": "2024-03-31",
    "revenue": 7175400000.0,
    "cor": -5708600000.0,
    "opinc": -1176200000.0,
    "eps": null,
    "ebitda": 635400000.0,
    "ebit": 140800000.0,
    "gp": 1466800000.0,
    "rnd": -336900000.0,
    "sgna": -936900000.0,
    "opex": -1273800000.0,
    "taxexp": -29600000.0,
    "netinc": 110800000.0,
    "shareswa": 56500000.0,
    "reporttype": "AR",
    "currency": "USD",
    "dps": 137.28
  }
]